Literature 

@INPROCEEDINGS{Kocher96timingattacks,
    author = {Paul C. Kocher},
    title = {Timing Attacks on Implementations of Diffie-Hellman, RSA, DSS, and Other Systems},
    booktitle = {},
    year = {1996},
    pages = {104--113},
    publisher = {Springer-Verlag}
}

@book{fulton1989algebraic,
  title={Algebraic curves: an introduction to algebraic geometry},
  author={Fulton, W.},
  isbn={9780201510102},
  lccn={89000372},
  series={Advanced book classics},
  url={http://books.google.co.uk/books?id=SEbvAAAAMAAJ},
  year={1989},
  publisher={Addison-Wesley Pub. Co., Advanced Book Program}
}

@INPROCEEDINGS{Bernstein06curve25519:new,
    author = {Daniel J. Bernstein},
    title = {Curve25519: new Diffie-Hellman speed records},
    booktitle = {In Public Key Cryptography (PKC), Springer-Verlag LNCS 3958},
    year = {2006},
    pages = {2006}
}

@misc{cryptoeprint:2008:218,
    author = {Wouter Castryck and Steven Galbraith and Reza Rezaeian Farashahi},
    title = {Efficient arithmetic on elliptic curves using a mixed Edwards-Montgomery representation},
    howpublished = {Cryptology ePrint Archive, Report 2008/218},
    year = {2008},
    note = {\url{http://eprint.iacr.org/}},
}

@inproceedings{Hisil:2008:TEC:1485924.1485951,
 author = {Hisil, Huseyin and Wong, Kenneth Koon-Ho and Carter, Gary and Dawson, Ed},
 title = {Twisted Edwards Curves Revisited},
 booktitle = {Proceedings of the 14th International Conference on the Theory and Application of Cryptology and Information Security: Advances in Cryptology},
 series = {ASIACRYPT '08},
 year = {2008},
 isbn = {978-3-540-89254-0},
 location = {Melbourne, Australia},
 pages = {326--343},
 numpages = {18},
 url = {http://dx.doi.org/10.1007/978-3-540-89255-7_20},
 doi = {10.1007/978-3-540-89255-7_20},
 acmid = {1485951},
 publisher = {Springer-Verlag},
 address = {Berlin, Heidelberg},
 keywords = {Efficient elliptic curve arithmetic, SPA, side channel attack, unified addition},
} 

@misc{cryptoeprint:2008:013,
    author = {Daniel J. Bernstein and Peter Birkner and Marc Joye and Tanja Lange and Christiane Peters},
    title = {Twisted Edwards Curves},
    howpublished = {Cryptology ePrint Archive, Report 2008/013},
    year = {2008},
    note = {\url{http://eprint.iacr.org/}},
}

@article{journals/iacr/BernsteinBL10,
  added-at = {2011-12-05T00:00:00.000+0100},
  author = {Bernstein, Daniel J. and Birkner, Peter and Lange, Tanja},
  biburl = {http://www.bibsonomy.org/bibtex/2654479cfac51898bd3bb426d270a8d8d/dblp},
  ee = {http://eprint.iacr.org/2010/367},
  interhash = {897c4cd97762d7c24bcc78e2bab64f0f},
  intrahash = {654479cfac51898bd3bb426d270a8d8d},
  journal = {IACR Cryptology ePrint Archive},
  keywords = {dblp},
  pages = 367,
  timestamp = {2011-12-05T00:00:00.000+0100},
  title = {Starfish on Strike.},
  url = {http://dblp.uni-trier.de/db/journals/iacr/iacr2010.html#BernsteinBL10},
  volume = 2010,
  year = 2010
}

@article{Montgomery:1987,
	key = "P. Montgomery 1987",
	author = "P. L. Montgomery",
	title = "Speeding the {Pollard} and elliptic curve methods of
	factorization",
	journal = MC,
	volume = 48,
	year = 1987,
	pages = "243-264"}

@MISC{Bernstein_ecmon,
    author = {Daniel J. Bernstein and Tien-ren Chen and Chen-mou Cheng and Tanja Lange and Bo-yin Yang},
    title = {ECM on Graphics Cards},
    year = {}
}

@article{2011/BBLP-eecm,
  added-at = {2011-12-05T00:00:00.000+0100},
  author = {Bernstein, Daniel J. and Birkner, Peter and Lange, Tanja and Peters, Christiane},
  biburl = {http://www.bibsonomy.org/bibtex/254a640a5df0159fcc0a449f14730ee1c/dblp},
  ee = {http://eprint.iacr.org/2008/016},
  interhash = {ba31323c281c9cb02f41f2f3c48c56f1},
  intrahash = {54a640a5df0159fcc0a449f14730ee1c},
  journal = {IACR Cryptology ePrint Archive},
  keywords = {dblp},
  pages = 16,
  timestamp = {2011-12-05T00:00:00.000+0100},
  title = {ECM using Edwards curves.},
  url = {http://dblp.uni-trier.de/db/journals/iacr/iacr2008.html#BernsteinBLP08},
  volume = 2008,
  year = 2008
}

@ARTICLE{Brent86someinteger,
    author = {Richard P. Brent},
    title = {Some integer factorization algorithms using elliptic curves},
    journal = {Australian Computer Science Communications},
    year = {1986},
    volume = {8},
    pages = {149--163}
}

@inproceedings{ZimmermannD06,
  title = {20 Years of ECM},
  author = {Paul Zimmermann and Bruce Dodson},
  year = {2006},
  doi = {http://dx.doi.org/10.1007/11792086_37},
  researchr = {http://researchr.org/publication/ZimmermannD06},
  cites = {0},
  citedby = {0},
  pages = {525-542},
  booktitle = {Algorithmic Number Theory, 7th International Symposium, ANTS-VII, Berlin, Germany, July 23-28, 2006, Proceedings},
  editor = {Florian Hess and Sebastian Pauli and Michael E. Pohst},
  volume = {4076},
  series = {Lecture Notes in Computer Science},
  publisher = {Springer},
  isbn = {3-540-36075-1},
}

@misc{gaussWerke,
author={Cark Friedrich Gauss},
title={Werke},
volume={3},
pages={"404"}
}

@misc{cryptoeprint:2007:414,
    author = {Daniel J. Bernstein and Peter Birkner and Tanja Lange and Christiane Peters},
    title = {Optimizing double-base elliptic-curve single-scalar multiplication},
    howpublished = {Cryptology ePrint Archive, Report 2007/414},
    year = {2007},
    note = {\url{http://eprint.iacr.org/}},
}

@article{SilvermanWagstaff:1993,
	key = "Silverman and Wagstaff 1993",
	author = "R. D. Silverman and Wagstaff, Jr., S. S.",
	title = "A practical analysis of the the elliptic curve factoring algorithm",
	journal = MC,
	volume = 61,
	year = 1993,
	pages = "445-462"}
	
@ARTICLE{reitwiesner:binary,
AUTHOR = "George W. Reitwiesner",
TITLE = "Binary Arithmetic",
JOURNAL = "Advances in Computers",
PAGES = {231-308},
YEAR = {1960},
  }

@article{Morain&Olivos:1990,
	key = "Morain and Olivos 1990",
	author = "F. Morain and J. Olivos",
	title = "Speeding up the computations on an elliptic curve 
using addition-subtraction chains",
	journal = RAIRO,
	volume = 24,
	year = 1990,
	pages = "531-544"}
	
@inproceedings{inv,
  author    = {Daniel J. Bernstein and
               Tanja Lange},
  title     = {Inverted Edwards Coordinates},
  booktitle = {AAECC},
  year      = {2007},
  pages     = {20-27},
  ee        = {http://dx.doi.org/10.1007/978-3-540-77224-8_4},
  crossref  = {DBLP:conf/aaecc/2007},
  bibsource = {DBLP, http://dblp.uni-trier.de}
}

@InProceedings{binaryEdwards,
author = {Daniel J. Bernstein, Tanja Lange, Reza Rezaeian Farashahi},
title = {Binary Edwards Curves},
booktitle = {Cryptographic hardware and embedded systems---CHES 2008},
OPTpages = {244--265},
OPTyear = {2008},
OPTvolume = {5154},
series = {Lecture Notes in Computer Science},
OPTpublisher = {Springer},
}

@Misc{EFD,
author = {Daniel J. Bernstein, Tanja Lange},
title = {Explicit-formulas database},
year = {2007},
howpublished = "\url{http://
hyperelliptic.org/EFD}"
}

@PhdThesis{Peters11,
author = {Christiane Peters},
title = {Curves, Codes, and Cryptography},
school = {Technische
Universiteit Eindhoven},
year = {2011},
}

@article {BL07,
    AUTHOR = {Bernstein, Daniel J. and Lange, Tanja},
     TITLE = {Faster addition and doubling on elliptic curves},
 BOOKTITLE = {Advances in cryptology---{ASIACRYPT} 2007},
    SERIES = {Lecture Notes in Comput. Sci.},
    VOLUME = {4833},
     PAGES = {29--50},
 PUBLISHER = {Springer},
   ADDRESS = {Berlin},
      YEAR = {2007},
   MRCLASS = {11G05 (11G07 14G50 94A60)},
  MRNUMBER = {2565722 (2011d:11125)},
MRREVIEWER = {A. Peth{\H{o}}},
       DOI = {10.1007/978-3-540-76900-2_3},
       URL = {http://dx.doi.org.ez.statsbiblioteket.dk:2048/10.1007/978-3-540-76900-2_3},
}

@article {edwards07,
    AUTHOR = {Edwards, Harold M.},
     TITLE = {A normal form for elliptic curves},
   JOURNAL = {Bull. Amer. Math. Soc. (N.S.)},
  FJOURNAL = {American Mathematical Society. Bulletin. New Series},
    VOLUME = {44},
      YEAR = {2007},
    NUMBER = {3},
     PAGES = {393--422 (electronic)},
      ISSN = {0273-0979},
     CODEN = {BAMOAD},
   MRCLASS = {14H52 (33E05)},
  MRNUMBER = {2318157 (2008b:14052)},
MRREVIEWER = {Alain Kraus},
       DOI = {10.1090/S0273-0979-07-01153-6},
       URL = {http://dx.doi.org.ez.statsbiblioteket.dk:2048/10.1090/S0273-0979-07-01153-6},
}

@book {pomeranceEt.al,
    AUTHOR = {Crandall, Richard and Pomerance, Carl},
     TITLE = {Prime numbers},
   EDITION = {Second},
      NOTE = {A computational perspective},
 PUBLISHER = {Springer},
   ADDRESS = {New York},
      YEAR = {2005},
     PAGES = {xvi+597},
      ISBN = {978-0-387-25282-7; 0-387-25282-7},
   MRCLASS = {11A41 (11A51 11Y05 11Y11 11Y35)},
  MRNUMBER = {2156291 (2006a:11005)},
MRREVIEWER = {Robert Juricevic},
}

@article{lenstra1987,
  AUTHOR = {Lenstra, Jr., H. W.},
     TITLE = {Factoring integers with elliptic curves},
   JOURNAL = {Ann. of Math. (2)},
  FJOURNAL = {Annals of Mathematics. Second Series},
    VOLUME = {126},
      YEAR = {1987},
    NUMBER = {3},
     PAGES = {649--673},
      ISSN = {0003-486X},
     CODEN = {ANMAAH},
   MRCLASS = {11Y05 (11A51 14K07)},
  MRNUMBER = {916721 (89g:11125)},
MRREVIEWER = {Hale F. Trotter},
       DOI = {10.2307/1971363},
       URL = {http://dx.doi.org.ez.statsbiblioteket.dk:2048/10.2307/1971363},
}

@book{milne2006,
author={J.S. Milne},
title={Elliptic Curves},
year={2006},
publisher={BookSurge Publishers},
pages={238+viii},
isbn={1-4196-5257-5}
}

@Book{Connell,
author = {Ian Connell},
title = {Elliptic Curve Handbook},
Publisher = {Available at www.math.mcgill.ca/connell/ (Unpublished)},
year = {1999},
}

@Book{Gouvea,
author = {Fernando Quadros Gouvea},
title = {P-adic Number: An Introduction},
publisher = {Cambridge University Press},
year = {2003},
}

@Book{Lauritzen2003,
author = {Niels Lauritzen},
title = {Concrete Abstract Algebra: From Number to Gr√∂bner Bases},
publisher = {Cambridge University Press},
year = {2003},
}

@Book{Robert2000,
author = {Alain M. Robert},
editor = {S. Axler, F.W. Gehring, K.A. Ribet},
title = {A Course in p-adic Analysis},
publisher = {Springer},
year = {2000},
}

@Book{Steuding2005,
author = {J√∂rn Steuding},
editor = {Kenneth H. Rosen},
title = {Diophantine Analysis},
publisher = {Chapman \& Hall/CRC},
year = {2005},
}


@unpublished{HKS:FVTMAT:2011,
  title = {Noter til Matematikkens Videnskabsteori},
  author = {Henrik Kragh S¬ørensen},
  year = {2011},
  note = {Til brug for undervisningen i kurset \emph{Matematikkens
  Videnskabsteori}, Aarhus Universitet, 2011. Version 449, 18. januar 2011},
}

@article{Baas2004a,
  title = {Kronik: {Matematik} er en smuk videnskab},
  author = {Nils A. Baas and Johan P. Hansen and Ib Madsen},
  journal = {Politiken},
  volume = {2004-06-04},
  year = {2004},
  pages = {7},
  number = {2. sektion},
}

@article{Frank2004a,
  title = {{QED} --- m¬åske},
  author = {Lone Frank},
  journal = {Weekendavisen},
  volume = {2004-05-14},
  year = {2004},
  pages = {6},
  number = {Kultur},
}

@article{Nasar2006a,
  title = {A legendary problem and the battle over who solved it},
  author = {Sylvia Nasar and David Gruber},
  journal = {The New Yorker},
  volume = {2006-08-28},
  year = {2006},
}

@incollection{Crowe1988,
  title = {Ten Misconceptions about Mathematics and Its History},
  booktitle = {History and philosophy of modern mathematics},
  author = {Michael J. Crowe},
  editor = {William Aspray and Philip Kitcher},
  year = {1988},
  pages = {260--277},
  publisher = {University of Minnesota Press},
  address = {Minneapolis},
}

@unpublished{HKSLakatos,
  title = {Beviser og gendrivelser: Logikken i de matematiske opdagelser},
  author = {Imre Lakatos},
  year = {2003},
  note = {Delvis overs√¶ttelse til dansk af \textit{Proofs and Refutations}},
}

@incollection{Davis1981f,
  title = {The Formalist Philosophy of Mathematics},
  booktitle = {The Mathematical Experience},
  author = {Philip J. Davis and Reuben Hersh},
  year = {1981},
  pages = {339--344},
  chapter = {7},
  publisher = {The Harvester Press},
  address = {Boston},
}

@incollection{Davis1981b,
  title = {{Lakatos} and the {Philosophy} of {Dubitability}},
  booktitle = {The Mathematical Experience},
  author = {Philip J. Davis and Reuben Hersh},
  year = {1981},
  pages = {345--359},
  chapter = {7},
  publisher = {The Harvester Press},
  address = {Boston},
}

@article{MacKenzie2005a,
  title = {Computing and the cultures of proving},
  author = {Donald MacKenzie},
  journal = {Philosophical Transactions of The Royal Society, A},
  volume = {363},
  year = {2005},
  pages = {2335--2350},
}

@article{Devlin2003b,
  title = {When is a proof?},
  author = {Keith Devlin},
  year = {2003},
  note = {Devlin's Angle (MAA column)},
}

@article{Dawson2006a,
  title = {Why Do Mathematicians Re-prove Theorems?},
  author = {Dawson, Jr, John W.},
  journal = {Philosophia Mathematica (3)},
  volume = {14},
  year = {2006},
  pages = {269--286},
}

@article{Rav1999a,
  title = {Why do we prove theorems?},
  author = {Yehuda Rav},
  journal = {Philosophia Mathematica (3)},
  volume = {7},
  year = {1999},
  pages = {5--41},
  number = {1},
}

@article{Devlin2005a,
  title = {Last doubts removed about the proof of the {Four} {Color}
  {Theorem}},
  author = {Keith Devlin},
  year = {2005},
  note = {Devlin's Angle (MAA column)},
}

@article{McEvoy2008a,
  title = {The Epistemological Status of Computer-Assisted Proofs},
  author = {Mark McEvoy},
  journal = {Philosophia Mathematica (3)},
  volume = {16},
  year = {2008},
  pages = {374--387},
}

@article{Tymoczko1979a,
  title = {The Four-Color Problem and Its Philosophical Significance},
  author = {Thomas Tymoczko},
  journal = {Journal of Philosophy},
  volume = {76},
  year = {1979},
  pages = {57--83},
  number = {2},
}

@article{Wigner1960a,
  title = {The Unreasonable Effectiveness of Mathematics in the Natural
  Sciences},
  author = {Eugene Wigner},
  journal = {Communications in Pure and Applied Mathematics},
  volume = {13},
  year = {1960},
  pages = {1--14},
  number = {1},
}

@article{GrattanGuinness2008a,
  title = {Solving {Wigner}'s mystery: The Reasonable (Though Perhaps Limited)
  Effectiveness of Mathematics in the Natural Sciences},
  author = {Ivor Grattan-Guinness},
  journal = {The mathematical intelligencer},
  volume = {30},
  year = {2008},
  pages = {7--17},
  number = {3},
}

@incollection{Poulsen2001a,
  title = {Matematikken og virkeligheden},
  booktitle = {Matematikken og Verden},
  author = {Ebbe Thue Poulsen},
  editor = {Mogens Niss},
  year = {2001},
  pages = {19--36},
  chapter = {1},
  series = {Fremads debatb√∏ger --- Videnskaben til debat},
  publisher = {Fremad},
  address = {K√∏benhavn},
}

@incollection{Toft2001a,
  title = {Matematik l√∏ser problemer},
  booktitle = {Matematikken og Verden},
  author = {Bjarne Toft},
  editor = {Mogens Niss},
  year = {2001},
  pages = {158--179},
  chapter = {7},
  series = {Fremads debatb√∏ger --- Videnskaben til debat},
  publisher = {Fremad},
  address = {K√∏benhavn},
}

@incollection{Davis1981c,
  title = {{Ulam}'s {Dilemma}},
  booktitle = {The Mathematical Experience},
  author = {Philip J. Davis and Reuben Hersh},
  year = {1981},
  pages = {20--23},
  chapter = {1},
  publisher = {The Harvester Press},
  address = {Boston},
}

@incollection{HKS2004DVHb,
  title = {{Matematik}, statistik og datalogi},
  booktitle = {Viden uden gr√¶nser, 1920--1970},
  author = {Henrik Kragh S√∏rensen},
  editor = {Henry Nielsen and Kristian Hvidtfelt Nielsen},
  volume = {4},
  year = {2006},
  pages = {105--124},
  chapter = {6},
  series = {Dansk Naturvidenskabs Historie},
  publisher = {Aarhus Universitsforlag},
  address = {Aarhus},
}

@article{Parshall1996a,
  title = {How We Got Where We Are: An International Overview of Mathematics in
  National Contexts (1875--1900)},
  author = {Karen Hunger Parshall},
  journal = {Notices of the AMS},
  volume = {43},
  year = {1996},
  pages = {287--296},
  number = {3},
}

@article{Odlyzko1995a,
  title = {Tragic Loss or Good Riddance? {The} Impending Demise of Traditional
  Scholarly Journals},
  author = {Andrew M. Odlyzko},
  journal = {Notices of the AMS},
  volume = {42},
  year = {1995},
  pages = {49--53},
  number = {1},
}

@article{Quinn1995a,
  title = {Roadkill on the Electronic Highway: {The} Threat to the Mathematical
  Literature},
  author = {Frank Quinn},
  journal = {Notices of the AMS},
  volume = {42},
  year = {1995},
  pages = {53--56},
  number = {1},
}

@manual{COPE1996a,
  title = {American Mathematical Society Committee on Professional Ethics
  (COPE) Procedures Manual},
  year = {1996},
}

@article{Devlin2006a,
  title = {Statisticians not wanted},
  author = {Keith Devlin},
  year = {2006},
  note = {Devlin's Angle (MAA column)},
}

@article{Roberts2010a,
  title = {Awareness of Ethical Pitfalls: A Requirement for Professional
  Protection},
  author = {Catherine A. Roberts},
  journal = {Notices of the AMS},
  volume = {57},
  year = {2010},
  pages = {485--489},
  number = {4},
}

@article{Jaffe1993a,
  title = {``{Theoretical} Mathematics'': Toward a Cultural Synthesis of
  Mathematics and Theoretical Physics},
  author = {{Jaffe}, {Arthur} and {Quinn}, {Frank}},
  journal = {Bulletin of the American Mathematical Society},
  volume = {29},
  year = {1993},
  pages = {1--13},
  number = {1},
}

@article{Thurston1994a,
  title = {On Proof and Progress in Mathematics},
  author = {William P. Thurston},
  journal = {Bulletin of the American Mathematical Society},
  volume = {30},
  year = {1994},
  pages = {161--177},
  number = {2},
}

@article{Winslow2004a,
  title = {Kan alle l√¶re matematik?},
  author = {Carl Winsl√∏w},
  journal = {Universitetsavisen},
  volume = {2004-02-06},
  year = {2004},
  pages = {12},
}

@incollection{Blomhoj2001a,
  title = {Hvorfor matematikundervisning? {Matematik} og almendannelse i et
  h√∏jteknologisk samfund},
  booktitle = {Matematikken og Verden},
  author = {Morten Blomh√∏j},
  editor = {Mogens Niss},
  year = {2001},
  pages = {218--246},
  chapter = {10},
  series = {Fremads debatb√∏ger --- Videnskaben til debat},
  publisher = {Fremad},
  address = {K√∏benhavn},
}

@article{Devlin2001b,
  title = {As others see us},
  author = {Keith Devlin},
  year = {2001},
  note = {Devlin's Angle (MAA column)},
}

@article{Cohen1999a,
  title = {``{The} {Man} {Who} {Loved} {Only} {Numbers}: the {Story} of {Paul}
  {Erd√∂s} and the {Search} for {Mathematical} {Truth}'' by {Paul} {Hoffman},
  {Hyperion} {Press}, {New} {York}, 1999, \$22.95, 289 pages, {ISBN}
  0786863625},
  author = {Marion Cohen},
  journal = {The mathematical intelligencer},
  volume = {21},
  year = {1999},
  pages = {65--70},
  note = {Book review},
  number = {2},
}

@article{Borwein2000a,
  title = {``{My} {Brain} is {Open}: {The} {Mathematical} {Journeys} of {Paul}
  {Erd√∂s}'' by {Bruce} {Schechter}, {Simon}\&{Schuster}, {New} {York}, 1998,
  \$25.00, 224 pages, {ISBN} 06848-46357},
  author = {Peter Borwein},
  journal = {The mathematical intelligencer},
  volume = {22},
  year = {2000},
  pages = {76--77},
  note = {Book review},
  number = {2},
}

@article{Nathanson2011,
  title = {``{One}, {Two}, {Many}: {Individuality} and  {Collectivity} in  {Mathematics}``},
  author = {Melwyn B. Nathanson},
  journal = {The mathematical intelligencer},
  volume = {33},
  year = {2011},
  pages = {5--8},
  number = {1},
}

@incollection{HKS2007q,
  title = {Matematik p¬å det store l¬ærred: Stereotyper om matematik og
  matematikere eksemplificeret ved tre nyere amerikanske film},
  booktitle = {Fra laboratoriet til det store l¬ærred},
  author = {Henrik Kragh S¬ørensen},
  editor = {Kristian Danielsen and Laura S¬øvs¬ø Thomasen},
  year = {2011},
  month = {1},
  pages = {40--58},
  number = {13},
  series = {RePoSS: Research Publications on Science Studies},
  publisher = {Department of Science Studies, University of Aarhus},
  address = {¬Århus},
}

